Date,TransactionID,Description,Merchant,Category,Type,Amount,Balance,Currency,Account
11/12/2024,TX0IFD0TVBDI000,ATM Withdrawal Payment,ATM Withdrawal,Cash,Debit,51.17,2448.83,PKR,XXXX-XXXX-XXXX-1234
11/12/2024,TXXTHV3A3ZMF001,Transfer Payment,Transfer,Transfer,Debit,51.31,2397.52,PKR,XXXX-XXXX-XXXX-1234
11/13/2024,TXD4V30T9NT3002,Dividend Refund,Dividend,Income,Credit,73.95,2471.47,PKR,XXXX-XXXX-XXXX-1234
11/14/2024,TXGCX1945NQ4003,Transfer Payment,Transfer,Transfer,Debit,91.69,2379.78,PKR,XXXX-XXXX-XXXX-1234
11/14/2024,TXJ7XVG0FN9X004,Shell Fuel Payment,Shell Fuel,Transport,Debit,53.96,2325.82,PKR,XXXX-XXXX-XXXX-1234
11/15/2024,TX1C32OC6UZH005,Airline Payment,Airline,Travel,Debit,82.42,2243.4,PKR,XXXX-XXXX-XXXX-1234
11/16/2024,TX6QJIUJV6OH006,Insurance Co Payment,Insurance Co,Insurance,Debit,188.47,2054.93,PKR,XXXX-XXXX-XXXX-1234
11/17/2024,TXBDW2PCN9T8007,Walmart Payment,Walmart,Shopping,Debit,24.55,2030.38,PKR,XXXX-XXXX-XXXX-1234
11/17/2024,TXE511MKFAZZ008,Pharmacy Payment,Pharmacy,Health,Debit,170.71,1859.67,PKR,XXXX-XXXX-XXXX-1234
11/18/2024,TXDW4SHNF877009,Gym Membership Payment,Gym Membership,Health,Debit,127.91,1731.76,PKR,XXXX-XXXX-XXXX-1234
11/19/2024,TX753LC58DRC010,Transfer Payment,Transfer,Transfer,Debit,6.83,1724.93,PKR,XXXX-XXXX-XXXX-1234
11/20/2024,TXX8FSV871YZ011,Dividend Refund,Dividend,Income,Credit,111.21,1836.14,PKR,XXXX-XXXX-XXXX-1234
11/20/2024,TXSEIMVIHCWI012,Electric Co Payment,Electric Co,Utilities,Credit,130.68,1966.82,PKR,XXXX-XXXX-XXXX-1234
11/21/2024,TXSKRT05UIRO013,Bookstore Payment,Bookstore,Shopping,Debit,83.95,1882.87,PKR,XXXX-XXXX-XXXX-1234
11/22/2024,TXPQ0Y9DOM5I014,Uber Payment,Uber,Transport,Debit,108.9,1773.97,PKR,XXXX-XXXX-XXXX-1234
11/22/2024,TXGQ5C34DXTA015,Netflix Payment,Netflix,Entertainment,Debit,36.77,1737.2,PKR,XXXX-XXXX-XXXX-1234
11/23/2024,TXFRHOCN9J2Q016,Starbucks Payment,Starbucks,General,Debit,212.48,1524.72,PKR,XXXX-XXXX-XXXX-1234
11/24/2024,TX2XRGHC0CLB017,Water Board Payment,Water Board,Utilities,Debit,183.17,1341.55,PKR,XXXX-XXXX-XXXX-1234
11/25/2024,TX4F8CGVYIE6018,Insurance Co Payment,Insurance Co,Insurance,Debit,226,1115.55,PKR,XXXX-XXXX-XXXX-1234
11/25/2024,TXCXULJYLJEX019,Spotify Payment,Spotify,Entertainment,Debit,11.86,1103.69,PKR,XXXX-XXXX-XXXX-1234
11/26/2024,TX1CQ99CHJ75020,Rent Payment,Rent,Rent,Debit,816.18,287.51,PKR,XXXX-XXXX-XXXX-1234
11/27/2024,TXPTK93TYT7D021,Bookstore Payment,Bookstore,Shopping,Debit,72.68,214.83,PKR,XXXX-XXXX-XXXX-1234
11/28/2024,TXDTJVZHWJR6022,Bookstore Payment,Bookstore,Shopping,Debit,30.63,184.2,PKR,XXXX-XXXX-XXXX-1234
11/28/2024,TX3BME9FPZUE023,Pharmacy Payment,Pharmacy,Health,Debit,159.3,24.9,PKR,XXXX-XXXX-XXXX-1234
11/29/2024,TXBNTPBN78BM024,Bookstore Payment,Bookstore,Shopping,Debit,38.97,-14.07,PKR,XXXX-XXXX-XXXX-1234
11/30/2024,TX25OWF75935025,Mobile Recharge Payment,Mobile Recharge,Mobile,Debit,27.49,-41.56,PKR,XXXX-XXXX-XXXX-1234
12/1/2024,TX2OY0IFZNBQ026,PayPal Payment,PayPal,Payment,Debit,231.27,-272.83,PKR,XXXX-XXXX-XXXX-1234
12/1/2024,TXK2IAGL58KX027,Netflix Payment,Netflix,Entertainment,Debit,116.16,-388.99,PKR,XXXX-XXXX-XXXX-1234
12/2/2024,TXLA5JU9BVM2028,Electric Co Payment,Electric Co,Utilities,Debit,211.23,-600.22,PKR,XXXX-XXXX-XXXX-1234
12/3/2024,TXNUJZA7TZ0Y029,Water Board Payment,Water Board,Utilities,Debit,128.83,-729.05,PKR,XXXX-XXXX-XXXX-1234
12/3/2024,TX7WXE6SYLZT030,Salary Payment,Salary,Income,Credit,1976.34,1247.29,PKR,XXXX-XXXX-XXXX-1234
12/4/2024,TXY6WKTAKPUX031,Netflix Payment,Netflix,Entertainment,Debit,235.21,1012.08,PKR,XXXX-XXXX-XXXX-1234
12/5/2024,TXYS280XKXWD032,Rent Payment,Rent,Rent,Debit,941.79,70.29,PKR,XXXX-XXXX-XXXX-1234
12/6/2024,TX3FB9W1Q5UZ033,Dividend Payment,Dividend,Income,Credit,54.63,124.92,PKR,XXXX-XXXX-XXXX-1234
12/6/2024,TXXA11DPG8SB034,Electric Co Payment,Electric Co,Utilities,Debit,62.51,62.41,PKR,XXXX-XXXX-XXXX-1234
12/7/2024,TXEQTUL1P36P035,Spotify Payment,Spotify,Entertainment,Debit,32.1,30.31,PKR,XXXX-XXXX-XXXX-1234
12/8/2024,TX0RJIW1SWJC036,Cinema Payment,Cinema,Entertainment,Debit,224.51,-194.2,PKR,XXXX-XXXX-XXXX-1234
12/9/2024,TX6CFNFHOLQC037,Google Play Payment,Google Play,Entertainment,Debit,85.29,-279.49,PKR,XXXX-XXXX-XXXX-1234
12/9/2024,TXVZ41NAM148038,Restaurant Payment,Restaurant,Dining,Debit,226.4,-505.89,PKR,XXXX-XXXX-XXXX-1234
12/10/2024,TX26RJRNY204039,Water Board Payment,Water Board,Utilities,Debit,184.19,-690.08,PKR,XXXX-XXXX-XXXX-1234
12/11/2024,TXAOUAXEQBNH040,Cinema Payment,Cinema,Entertainment,Debit,156.32,-846.4,PKR,XXXX-XXXX-XXXX-1234
12/11/2024,TXK8P4Q0B8IC041,Local Grocery Payment,Local Grocery,Groceries,Debit,220.15,-1066.55,PKR,XXXX-XXXX-XXXX-1234
12/12/2024,TXBI4WIRE8QJ042,ATM Withdrawal Payment,ATM Withdrawal,Cash,Debit,31.27,-1097.82,PKR,XXXX-XXXX-XXXX-1234
12/13/2024,TX0E38DALY8O043,Salary Payment,Salary,Income,Credit,1502.02,404.2,PKR,XXXX-XXXX-XXXX-1234
12/14/2024,TX3IZKY22UBT044,Transfer from Savings Payment,Transfer from Savings,Transfer,Credit,198.75,602.95,PKR,XXXX-XXXX-XXXX-1234
12/14/2024,TXM43D8W3ZP0045,Mobile Recharge Payment,Mobile Recharge,Mobile,Debit,127.48,475.47,PKR,XXXX-XXXX-XXXX-1234
12/15/2024,TX3TRP0J43D5046,ATM Withdrawal Payment,ATM Withdrawal,Cash,Debit,95.62,379.85,PKR,XXXX-XXXX-XXXX-1234
12/16/2024,TXYMRLRMJKV5047,Spotify Payment,Spotify,Entertainment,Debit,143.32,236.53,PKR,XXXX-XXXX-XXXX-1234
12/17/2024,TXDZR1YXR2DH048,Airline Payment,Airline,Travel,Debit,237.12,-0.59,PKR,XXXX-XXXX-XXXX-1234
12/17/2024,TXNTM9TMQLIZ049,Transfer from Savings Payment,Transfer from Savings,Transfer,Credit,232.48,231.89,PKR,XXXX-XXXX-XXXX-1234
12/18/2024,TX1GHR09SKDG050,Local Grocery Payment,Local Grocery,Groceries,Debit,134.89,97,PKR,XXXX-XXXX-XXXX-1234
12/19/2024,TXZEBBK7W1DA051,Spotify Payment,Spotify,Entertainment,Debit,76.96,20.04,PKR,XXXX-XXXX-XXXX-1234
12/20/2024,TXGB7R3OCWBF052,Google Play Payment,Google Play,Entertainment,Debit,111.24,-91.2,PKR,XXXX-XXXX-XXXX-1234
12/20/2024,TXIUOVW1N6KV053,Hotel Payment,Hotel,Travel,Debit,23.12,-114.32,PKR,XXXX-XXXX-XXXX-1234
12/21/2024,TXV08HHXFGCA054,Water Board Payment,Water Board,Utilities,Debit,156.01,-270.33,PKR,XXXX-XXXX-XXXX-1234
12/22/2024,TXQBKK4CIJ2V055,Rent Payment,Rent,Rent,Debit,1189.37,-1459.7,PKR,XXXX-XXXX-XXXX-1234
12/22/2024,TXTX63CFL0UK056,Gift Payment,Gift,General,Debit,107.43,-1567.13,PKR,XXXX-XXXX-XXXX-1234
12/23/2024,TXOJTPV60VAI057,Uber Payment,Uber,Transport,Debit,77.41,-1644.54,PKR,XXXX-XXXX-XXXX-1234
12/24/2024,TX89YJB1QX6G058,Mobile Recharge Payment,Mobile Recharge,Mobile,Debit,144.65,-1789.19,PKR,XXXX-XXXX-XXXX-1234
12/25/2024,TX8QOLDFORXO059,Hotel Payment,Hotel,Travel,Debit,203.93,-1993.12,PKR,XXXX-XXXX-XXXX-1234
12/25/2024,TXLL8OS9XTOG060,Dividend Payment,Dividend,Income,Credit,114.52,-1878.6,PKR,XXXX-XXXX-XXXX-1234
12/26/2024,TXPBJEK5RBW2061,Salary Payment,Salary,Income,Credit,2320.74,442.14,PKR,XXXX-XXXX-XXXX-1234
12/27/2024,TXTD96QE3RZS062,Transfer from Savings Payment,Transfer from Savings,Transfer,Credit,168.78,610.92,PKR,XXXX-XXXX-XXXX-1234
12/28/2024,TXQQFGV0EC14063,Apple Store Payment,Apple Store,Electronics,Debit,121.66,489.26,PKR,XXXX-XXXX-XXXX-1234
12/28/2024,TX3KKV9RFTMT064,Local Grocery Payment,Local Grocery,Groceries,Debit,127.92,361.34,PKR,XXXX-XXXX-XXXX-1234
12/29/2024,TX59IN4OLR6N065,Airline Payment,Airline,Travel,Debit,233.35,127.99,PKR,XXXX-XXXX-XXXX-1234
12/30/2024,TXF8E8LD4D6A066,Mobile Recharge Payment,Mobile Recharge,Mobile,Debit,163.7,-35.71,PKR,XXXX-XXXX-XXXX-1234
12/31/2024,TXFQ8MYX444N067,Walmart Payment,Walmart,Shopping,Debit,164.39,-200.1,PKR,XXXX-XXXX-XXXX-1234
12/31/2024,TXRTWIYKID91068,Local Grocery Payment,Local Grocery,Groceries,Debit,222.08,-422.18,PKR,XXXX-XXXX-XXXX-1234
1/1/2025,TXY6B2KNFTU2069,Transfer from Savings Payment,Transfer from Savings,Transfer,Credit,704.43,282.25,PKR,XXXX-XXXX-XXXX-1234
1/2/2025,TXNYRUIWQY6Q070,Shell Fuel Payment,Shell Fuel,Transport,Debit,153.15,129.1,PKR,XXXX-XXXX-XXXX-1234
1/2/2025,TXPMVXPJ4HNR071,Google Play Payment,Google Play,Entertainment,Debit,41.18,87.92,PKR,XXXX-XXXX-XXXX-1234
1/3/2025,TXKZA3OA5296072,Spotify Payment,Spotify,Entertainment,Debit,91.02,-3.1,PKR,XXXX-XXXX-XXXX-1234
1/4/2025,TXK2VMWWYZX4073,Interest Payment,Interest,Income,Credit,25.34,22.24,PKR,XXXX-XXXX-XXXX-1234
1/5/2025,TXWB2BNE6LOH074,ATM Withdrawal Payment,ATM Withdrawal,Cash,Debit,47.21,-24.97,PKR,XXXX-XXXX-XXXX-1234
1/5/2025,TXT63J3R30ME075,Gift Payment,Gift,General,Debit,242.93,-267.9,PKR,XXXX-XXXX-XXXX-1234
1/6/2025,TX40982N2ATQ076,Starbucks Payment,Starbucks,General,Debit,241.69,-509.59,PKR,XXXX-XXXX-XXXX-1234
1/7/2025,TXNWNYQW7LVX077,Mobile Recharge Payment,Mobile Recharge,Mobile,Debit,67.02,-576.61,PKR,XXXX-XXXX-XXXX-1234
1/8/2025,TX6KOF8KRD5E078,ATM Withdrawal Payment,ATM Withdrawal,Cash,Debit,250.68,-827.29,PKR,XXXX-XXXX-XXXX-1234
1/8/2025,TX8ZTV05X4W7079,Rent Payment,Rent,Rent,Debit,871.01,-1698.3,PKR,XXXX-XXXX-XXXX-1234
1/9/2025,TXP84DYT9MOG080,Apple Store Payment,Apple Store,Electronics,Debit,93.89,-1792.19,PKR,XXXX-XXXX-XXXX-1234
1/10/2025,TXDHX8BM92H3081,Uber Payment,Uber,Transport,Debit,206.4,-1998.59,PKR,XXXX-XXXX-XXXX-1234
1/11/2025,TX5LF6A4FEJG082,Airline Payment,Airline,Travel,Debit,55.56,-2054.15,PKR,XXXX-XXXX-XXXX-1234
1/12/2025,TXM2VAJEPECQ083,Mobile Recharge Payment,Mobile Recharge,Mobile,Debit,34.69,-2088.84,PKR,XXXX-XXXX-XXXX-1234
1/13/2025,TXS8B25SQ8CR084,Salary Refund,Salary,Income,Credit,2123.83,34.99,PKR,XXXX-XXXX-XXXX-1234
1/14/2025,TXZP6LFEWVZN085,Electric Co Payment,Electric Co,Utilities,Debit,28.77,6.22,PKR,XXXX-XXXX-XXXX-1234
1/15/2025,TXVDZ4X1ZHQI086,Transfer Payment,Transfer,Transfer,Debit,114.52,-108.3,PKR,XXXX-XXXX-XXXX-1234
1/16/2025,TX0LLJ8YRDDP087,Local Grocery Payment,Local Grocery,Groceries,Debit,100.89,-209.19,PKR,XXXX-XXXX-XXXX-1234
1/17/2025,TXUVULEMX15Z088,Interest Payment,Interest,Income,Credit,37.2,-171.99,PKR,XXXX-XXXX-XXXX-1234
1/18/2025,TXUHXID4N1U3089,Google Play Payment,Google Play,Entertainment,Debit,89.21,-261.2,PKR,XXXX-XXXX-XXXX-1234
1/19/2025,TXWYUVXYBJ17090,Pharmacy Payment,Pharmacy,Health,Debit,192.32,-453.52,PKR,XXXX-XXXX-XXXX-1234
1/20/2025,TXUOFWB0HPMN091,Salary Payment,Salary,Income,Credit,1210.99,757.47,PKR,XXXX-XXXX-XXXX-1234
1/21/2025,TXV5F1BCPPVO092,Interest Payment,Interest,Income,Credit,16.89,774.36,PKR,XXXX-XXXX-XXXX-1234
1/22/2025,TXPKYRYBOVAK093,Netflix Payment,Netflix,Entertainment,Debit,30.23,744.13,PKR,XXXX-XXXX-XXXX-1234
1/23/2025,TXKERPETIUYM094,Netflix Payment,Netflix,Entertainment,Debit,191.51,552.62,PKR,XXXX-XXXX-XXXX-1234
1/24/2025,TXA75UUZPEAL095,Electric Co Payment,Electric Co,Utilities,Debit,12.49,540.13,PKR,XXXX-XXXX-XXXX-1234
1/25/2025,TXYNPDPOC50H096,Gift Payment,Gift,General,Debit,116.1,424.03,PKR,XXXX-XXXX-XXXX-1234
1/26/2025,TXES6M033IFH097,Dividend Payment,Dividend,Income,Credit,41.95,465.98,PKR,XXXX-XXXX-XXXX-1234
1/27/2025,TXC8WQUUY5X9098,Transfer Payment,Transfer,Transfer,Debit,190.27,275.71,PKR,XXXX-XXXX-XXXX-1234
1/28/2025,TXFCPKJCSLQC099,Local Grocery Payment,Local Grocery,Groceries,Debit,157.55,118.16,PKR,XXXX-XXXX-XXXX-1234
1/29/2025,TX9DVNU80B6U100,Restaurant Payment,Restaurant,Dining,Debit,161.88,-43.72,PKR,XXXX-XXXX-XXXX-1234
1/30/2025,TXFCD6MZSGIP101,Netflix Payment,Netflix,Entertainment,Debit,119.96,-163.68,PKR,XXXX-XXXX-XXXX-1234
1/31/2025,TXVN7N1YBWML102,Rent Payment,Rent,Rent,Debit,1024.07,-1187.75,PKR,XXXX-XXXX-XXXX-1234
2/1/2025,TX0X65MUFM8Z103,Airline Payment,Airline,Travel,Debit,72.47,-1260.22,PKR,XXXX-XXXX-XXXX-1234
2/2/2025,TXDUXLEZ896D104,Electric Co Payment,Electric Co,Utilities,Debit,177.79,-1438.01,PKR,XXXX-XXXX-XXXX-1234
2/3/2025,TXNGH8RIEC4D105,Mobile Recharge Payment,Mobile Recharge,Mobile,Debit,91.73,-1529.74,PKR,XXXX-XXXX-XXXX-1234
2/4/2025,TXSX5WVFGYW6106,Dividend Payment,Dividend,Income,Credit,112.56,-1417.18,PKR,XXXX-XXXX-XXXX-1234
2/5/2025,TXYIPK0QTL3Q107,Interest Payment,Interest,Income,Credit,22.45,-1394.73,PKR,XXXX-XXXX-XXXX-1234
2/6/2025,TXUP12SPFHV5108,Restaurant Payment,Restaurant,Dining,Debit,170.22,-1564.95,PKR,XXXX-XXXX-XXXX-1234
2/7/2025,TXTD44K1J6FP109,Amazon Payment,Amazon,Shopping,Debit,218.78,-1783.73,PKR,XXXX-XXXX-XXXX-1234
2/8/2025,TXMABSI9NB74110,Cinema Payment,Cinema,Entertainment,Debit,113.88,-1897.61,PKR,XXXX-XXXX-XXXX-1234
2/1/2025,TXFB7R31QW6A111,ATM Withdrawal Payment,ATM Withdrawal,Cash,Debit,113.88,-2011.49,PKR,XXXX-XXXX-XXXX-1234
2/1/2025,TX0SEKKBP2QD112,Netflix Payment,Netflix,Entertainment,Debit,138.1,-2149.59,PKR,XXXX-XXXX-XXXX-1234
2/2/2025,TXWUZKAMUGYS113,Bookstore Payment,Bookstore,Shopping,Debit,134.94,-2284.53,PKR,XXXX-XXXX-XXXX-1234
2/3/2025,TXS9TOQW9JA2114,Salary Payment,Salary,Income,Credit,1321.82,-962.71,PKR,XXXX-XXXX-XXXX-1234
2/4/2025,TXDU1EMMX3Y9115,Salary Payment,Salary,Income,Credit,1634.03,671.32,PKR,XXXX-XXXX-XXXX-1234
2/4/2025,TX3C1QKBHB7S116,Insurance Co Payment,Insurance Co,Insurance,Debit,271.11,400.21,PKR,XXXX-XXXX-XXXX-1234
2/5/2025,TX1GM25LEN60117,Restaurant Payment,Restaurant,Dining,Debit,64.82,335.39,PKR,XXXX-XXXX-XXXX-1234
2/6/2025,TXYN2JCPP9GK118,Bookstore Refund,Bookstore,Shopping,Credit,69.13,404.52,PKR,XXXX-XXXX-XXXX-1234
2/7/2025,TXLVPYMB5M9J119,Uber Payment,Uber,Transport,Debit,165.91,238.61,PKR,XXXX-XXXX-XXXX-1234
2/7/2025,TXWN2Y8FV2BC120,Gift Payment,Gift,General,Debit,20.61,218,PKR,XXXX-XXXX-XXXX-1234
2/8/2025,TX8BFQNPCENL121,Dividend Payment,Dividend,Income,Credit,132.58,350.58,PKR,XXXX-XXXX-XXXX-1234
2/9/2025,TX0RNUJJQ9K6122,Apple Store Payment,Apple Store,Electronics,Debit,30.14,320.44,PKR,XXXX-XXXX-XXXX-1234
2/9/2025,TXECGZ9389YZ123,Insurance Co Payment,Insurance Co,Insurance,Debit,120.06,200.38,PKR,XXXX-XXXX-XXXX-1234
2/10/2025,TX4Z7W2SEHE2124,Airline Payment,Airline,Travel,Debit,223.05,-22.67,PKR,XXXX-XXXX-XXXX-1234
2/11/2025,TXQ9E5COZROO125,PayPal Payment,PayPal,Payment,Debit,143.92,-166.59,PKR,XXXX-XXXX-XXXX-1234
2/12/2025,TXXQYM52XG8P126,Hotel Payment,Hotel,Travel,Debit,243.15,-409.74,PKR,XXXX-XXXX-XXXX-1234
2/12/2025,TXSKF7I8SKCH127,Cinema Payment,Cinema,Entertainment,Debit,208.18,-617.92,PKR,XXXX-XXXX-XXXX-1234
2/13/2025,TXWDXVUGW6M7128,Airline Payment,Airline,Travel,Debit,157.01,-774.93,PKR,XXXX-XXXX-XXXX-1234
2/14/2025,TXBXUX1OXRWK129,Amazon Payment,Amazon,Shopping,Debit,9.04,-783.97,PKR,XXXX-XXXX-XXXX-1234
2/15/2025,TXYKCCPRHVLZ130,Google Play Payment,Google Play,Entertainment,Debit,201.56,-985.53,PKR,XXXX-XXXX-XXXX-1234
2/15/2025,TXO1SDIEQFB8131,Interest Payment,Interest,Income,Credit,49.41,-936.12,PKR,XXXX-XXXX-XXXX-1234
2/16/2025,TX5FLUL1RSRL132,Pharmacy Payment,Pharmacy,Health,Debit,63.57,-999.69,PKR,XXXX-XXXX-XXXX-1234
2/17/2025,TXQIVBKV4YKA133,PayPal Payment,PayPal,Payment,Debit,99.52,-1099.21,PKR,XXXX-XXXX-XXXX-1234
2/18/2025,TX01NOUHTCS1134,Uber Payment,Uber,Transport,Debit,220.85,-1320.06,PKR,XXXX-XXXX-XXXX-1234
2/18/2025,TXVEDN9UNFVO135,Apple Store Payment,Apple Store,Electronics,Debit,156.56,-1476.62,PKR,XXXX-XXXX-XXXX-1234
2/19/2025,TXLRQVSLWF90136,Amazon Payment,Amazon,Shopping,Debit,35.99,-1512.61,PKR,XXXX-XXXX-XXXX-1234
2/20/2025,TXSRURALDOL6137,Google Play Payment,Google Play,Entertainment,Debit,127.81,-1640.42,PKR,XXXX-XXXX-XXXX-1234
2/20/2025,TXR821UZVGWW138,Pharmacy Payment,Pharmacy,Health,Debit,8.61,-1649.03,PKR,XXXX-XXXX-XXXX-1234
2/21/2025,TXIUZGPPOHSW139,Restaurant Payment,Restaurant,Dining,Debit,205.77,-1854.8,PKR,XXXX-XXXX-XXXX-1234
2/22/2025,TX0CEHLXSLG6140,Insurance Co Payment,Insurance Co,Insurance,Debit,355.49,-2210.29,PKR,XXXX-XXXX-XXXX-1234
2/23/2025,TX5Y2JR8KK79141,Local Grocery Payment,Local Grocery,Groceries,Debit,169.62,-2379.91,PKR,XXXX-XXXX-XXXX-1234
2/23/2025,TXZLM72JEYN9142,Dividend Refund,Dividend,Income,Credit,64.91,-2315,PKR,XXXX-XXXX-XXXX-1234
2/24/2025,TXFB8C7X0H3J143,Restaurant Payment,Restaurant,Dining,Debit,193.72,-2508.72,PKR,XXXX-XXXX-XXXX-1234
2/25/2025,TXWVIYTWBOZD144,Airline Payment,Airline,Travel,Debit,36.04,-2544.76,PKR,XXXX-XXXX-XXXX-1234
2/26/2025,TX9FX5RX1KKC145,Dividend Payment,Dividend,Income,Credit,36.12,-2508.64,PKR,XXXX-XXXX-XXXX-1234
2/26/2025,TXT076G5G79O146,Dividend Payment,Dividend,Income,Credit,27,-2481.64,PKR,XXXX-XXXX-XXXX-1234
2/27/2025,TX05KBKV7MQX147,Insurance Co Payment,Insurance Co,Insurance,Debit,115.21,-2596.85,PKR,XXXX-XXXX-XXXX-1234
2/28/2025,TX4QGEFQJG02148,Gym Membership Payment,Gym Membership,Health,Debit,234.76,-2831.61,PKR,XXXX-XXXX-XXXX-1234
2/28/2025,TXVWOPLOD9R7149,Hotel Payment,Hotel,Travel,Debit,49.9,-2881.51,PKR,XXXX-XXXX-XXXX-1234
3/1/2025,TX18K0AXYCEL150,PayPal Payment,PayPal,Payment,Debit,60.41,-2941.92,PKR,XXXX-XXXX-XXXX-1234
3/2/2025,TX51YW7NH8RQ151,Electric Co Payment,Electric Co,Utilities,Debit,230.93,-3172.85,PKR,XXXX-XXXX-XXXX-1234
3/3/2025,TX61231YV2ST152,Transfer Payment,Transfer,Transfer,Debit,176.08,-3348.93,PKR,XXXX-XXXX-XXXX-1234
3/3/2025,TXCTSUFLSEHU153,Salary Payment,Salary,Income,Credit,1340.58,-2008.35,PKR,XXXX-XXXX-XXXX-1234
3/4/2025,TXCEOUUYLAJA154,Starbucks Payment,Starbucks,General,Debit,112.48,-2120.83,PKR,XXXX-XXXX-XXXX-1234
3/5/2025,TXMC97C7BO11155,Netflix Payment,Netflix,Entertainment,Debit,13.23,-2134.06,PKR,XXXX-XXXX-XXXX-1234
3/6/2025,TX9N56NYXTXM156,Interest Payment,Interest,Income,Credit,32.65,-2101.41,PKR,XXXX-XXXX-XXXX-1234
3/6/2025,TX9419QZPNIQ157,Shell Fuel Refund,Shell Fuel,Transport,Credit,79.83,-2021.58,PKR,XXXX-XXXX-XXXX-1234
3/7/2025,TX0E3P15AHDB158,Walmart Payment,Walmart,Shopping,Debit,234.48,-2256.06,PKR,XXXX-XXXX-XXXX-1234
3/8/2025,TXIBPT11F9I6159,Transfer Payment,Transfer,Transfer,Debit,218.31,-2474.37,PKR,XXXX-XXXX-XXXX-1234
3/9/2025,TXYLKFXHKC85160,Hotel Payment,Hotel,Travel,Debit,150.28,-2624.65,PKR,XXXX-XXXX-XXXX-1234
3/9/2025,TXUBMXNSZOKG161,Cinema Payment,Cinema,Entertainment,Debit,170.33,-2794.98,PKR,XXXX-XXXX-XXXX-1234
3/10/2025,TXKZ36U8UEIH162,Airline Payment,Airline,Travel,Debit,212.64,-3007.62,PKR,XXXX-XXXX-XXXX-1234
3/11/2025,TXQNT3BNVBC2163,ATM Withdrawal Payment,ATM Withdrawal,Cash,Debit,42.14,-3049.76,PKR,XXXX-XXXX-XXXX-1234
3/11/2025,TXR5L8A78E9R164,Hotel Payment,Hotel,Travel,Debit,140.59,-3190.35,PKR,XXXX-XXXX-XXXX-1234
3/12/2025,TXOILKQXLM5Q165,Spotify Payment,Spotify,Entertainment,Debit,176.53,-3366.88,PKR,XXXX-XXXX-XXXX-1234
3/13/2025,TX6NOUHFJ7UP166,Gift Payment,Gift,General,Credit,94.96,-3271.92,PKR,XXXX-XXXX-XXXX-1234
3/14/2025,TXUIT7M1R00Q167,Walmart Payment,Walmart,Shopping,Debit,59.04,-3330.96,PKR,XXXX-XXXX-XXXX-1234
3/14/2025,TXZR7TXCB48Y168,Interest Refund,Interest,Income,Credit,39.95,-3291.01,PKR,XXXX-XXXX-XXXX-1234
3/15/2025,TXWCFHQCW76X169,Dividend Refund,Dividend,Income,Credit,11.21,-3279.8,PKR,XXXX-XXXX-XXXX-1234
3/16/2025,TXATJ9A3Y36D170,PayPal Payment,PayPal,Payment,Debit,138.81,-3418.61,PKR,XXXX-XXXX-XXXX-1234
3/17/2025,TXWJM2C8QIZK171,Uber Payment,Uber,Transport,Debit,61.76,-3480.37,PKR,XXXX-XXXX-XXXX-1234
3/17/2025,TX41DNTCAGRP172,Restaurant Payment,Restaurant,Dining,Debit,164.13,-3644.5,PKR,XXXX-XXXX-XXXX-1234
3/18/2025,TX967I6YUJ7Y173,Gift Payment,Gift,General,Debit,244.38,-3888.88,PKR,XXXX-XXXX-XXXX-1234
3/19/2025,TXB7L8V1ZOCF174,Apple Store Payment,Apple Store,Electronics,Debit,141.75,-4030.63,PKR,XXXX-XXXX-XXXX-1234
3/20/2025,TXYTN02YC0MD175,Spotify Payment,Spotify,Entertainment,Debit,212.66,-4243.29,PKR,XXXX-XXXX-XXXX-1234
3/20/2025,TX18O1BJ9RM7176,Spotify Payment,Spotify,Entertainment,Debit,86.47,-4329.76,PKR,XXXX-XXXX-XXXX-1234
3/21/2025,TXN1KICJN2FO177,Water Board Payment,Water Board,Utilities,Debit,147.3,-4477.06,PKR,XXXX-XXXX-XXXX-1234
3/22/2025,TXLMJEGQTOAM178,Salary Refund,Salary,Income,Credit,1391.79,-3085.27,PKR,XXXX-XXXX-XXXX-1234
3/22/2025,TX5AO20U9ISY179,Starbucks Payment,Starbucks,General,Debit,196.54,-3281.81,PKR,XXXX-XXXX-XXXX-1234
3/23/2025,TXRCPPRCJIWV180,Shell Fuel Payment,Shell Fuel,Transport,Debit,76.68,-3358.49,PKR,XXXX-XXXX-XXXX-1234
3/24/2025,TXAO4N5PP3XV181,Netflix Payment,Netflix,Entertainment,Debit,35.6,-3394.09,PKR,XXXX-XXXX-XXXX-1234
3/25/2025,TXHL88KZRUIN182,Google Play Payment,Google Play,Entertainment,Debit,236.93,-3631.02,PKR,XXXX-XXXX-XXXX-1234
3/25/2025,TX7H9G1A07H2183,Restaurant Payment,Restaurant,Dining,Debit,92.52,-3723.54,PKR,XXXX-XXXX-XXXX-1234
3/26/2025,TX2ORWIXZ2C9184,Restaurant Payment,Restaurant,Dining,Debit,205.1,-3928.64,PKR,XXXX-XXXX-XXXX-1234
3/27/2025,TXT75PB8Z3V6185,Insurance Co Payment,Insurance Co,Insurance,Debit,253.79,-4182.43,PKR,XXXX-XXXX-XXXX-1234
3/28/2025,TXMXB9YO18PA186,Uber Payment,Uber,Transport,Debit,165.09,-4347.52,PKR,XXXX-XXXX-XXXX-1234
3/28/2025,TXUYHNQYYF9R187,Apple Store Payment,Apple Store,Electronics,Debit,187.22,-4534.74,PKR,XXXX-XXXX-XXXX-1234
3/29/2025,TXE7FLQHRRPZ188,Google Play Payment,Google Play,Entertainment,Debit,240.51,-4775.25,PKR,XXXX-XXXX-XXXX-1234
3/30/2025,TXZAMD270STL189,Local Grocery Payment,Local Grocery,Groceries,Debit,13.08,-4788.33,PKR,XXXX-XXXX-XXXX-1234
3/30/2025,TXGXPBWHVNZH190,Water Board Payment,Water Board,Utilities,Credit,47.91,-4740.42,PKR,XXXX-XXXX-XXXX-1234
3/31/2025,TXU2TNHEYR8L191,Dividend Payment,Dividend,Income,Credit,143.71,-4596.71,PKR,XXXX-XXXX-XXXX-1234
4/1/2025,TXM4W3ZKWDEE192,Electric Co Payment,Electric Co,Utilities,Debit,147.58,-4744.29,PKR,XXXX-XXXX-XXXX-1234
4/2/2025,TXFNVUPRT77G193,Google Play Payment,Google Play,Entertainment,Debit,94.58,-4838.87,PKR,XXXX-XXXX-XXXX-1234
4/2/2025,TXLQBMAE38SR194,Shell Fuel Payment,Shell Fuel,Transport,Debit,36.79,-4875.66,PKR,XXXX-XXXX-XXXX-1234
4/3/2025,TXPGU2HBIK2U195,Mobile Recharge Payment,Mobile Recharge,Mobile,Debit,178.12,-5053.78,PKR,XXXX-XXXX-XXXX-1234
4/4/2025,TXEE13N3BZT9196,Dividend Payment,Dividend,Income,Credit,155.52,-4898.26,PKR,XXXX-XXXX-XXXX-1234
4/5/2025,TXI5BJ5D5E3H197,Uber Payment,Uber,Transport,Debit,164.11,-5062.37,PKR,XXXX-XXXX-XXXX-1234
4/5/2025,TXZWFFHHCMKT198,Interest Payment,Interest,Income,Credit,29.81,-5032.56,PKR,XXXX-XXXX-XXXX-1234
4/6/2025,TX8S63E1OCJX199,Local Grocery Payment,Local Grocery,Groceries,Credit,59.94,-4972.62,PKR,XXXX-XXXX-XXXX-1234
4/7/2025,TXZ31YRUJOQW200,Transfer from Savings Refund,Transfer from Savings,Transfer,Credit,699.56,-4273.06,PKR,XXXX-XXXX-XXXX-1234
4/8/2025,TX0Z5QRU54D8201,Bookstore Payment,Bookstore,Shopping,Debit,101.91,-4374.97,PKR,XXXX-XXXX-XXXX-1234
4/8/2025,TXMCTHPHJ3MU202,ATM Withdrawal Payment,ATM Withdrawal,Cash,Debit,205.96,-4580.93,PKR,XXXX-XXXX-XXXX-1234
4/9/2025,TX61BW4A7FQ9203,Hotel Payment,Hotel,Travel,Debit,197.5,-4778.43,PKR,XXXX-XXXX-XXXX-1234
4/10/2025,TXEXF7JXJN6F204,Water Board Payment,Water Board,Utilities,Debit,172.77,-4951.2,PKR,XXXX-XXXX-XXXX-1234
4/10/2025,TX1PDDHCVSQA205,Electric Co Payment,Electric Co,Utilities,Debit,182.05,-5133.25,PKR,XXXX-XXXX-XXXX-1234
4/11/2025,TXPECN0DL5E1206,Local Grocery Payment,Local Grocery,Groceries,Debit,247.06,-5380.31,PKR,XXXX-XXXX-XXXX-1234
4/12/2025,TXYCUVFMH07W207,Dividend Payment,Dividend,Income,Credit,176.15,-5204.16,PKR,XXXX-XXXX-XXXX-1234
4/13/2025,TXDD1VN8LFJD208,Rent Payment,Rent,Rent,Debit,1359.96,-6564.12,PKR,XXXX-XXXX-XXXX-1234
4/13/2025,TXK7A45HVGOX209,Airline Payment,Airline,Travel,Debit,180.85,-6744.97,PKR,XXXX-XXXX-XXXX-1234
4/14/2025,TXRERVT997E4210,Gift Payment,Gift,General,Debit,238.76,-6983.73,PKR,XXXX-XXXX-XXXX-1234
4/15/2025,TXGQ9CVAH78O211,Hotel Payment,Hotel,Travel,Debit,137.5,-7121.23,PKR,XXXX-XXXX-XXXX-1234
4/16/2025,TXOZCTWJLSH3212,Google Play Payment,Google Play,Entertainment,Debit,126.26,-7247.49,PKR,XXXX-XXXX-XXXX-1234
4/16/2025,TX1XXLP8II7E213,Airline Payment,Airline,Travel,Debit,147.44,-7394.93,PKR,XXXX-XXXX-XXXX-1234
4/17/2025,TX00EZZF8S2Z214,Transfer Payment,Transfer,Transfer,Debit,78.7,-7473.63,PKR,XXXX-XXXX-XXXX-1234
4/18/2025,TX50E6MPSJ9W215,Shell Fuel Payment,Shell Fuel,Transport,Debit,187.94,-7661.57,PKR,XXXX-XXXX-XXXX-1234
4/18/2025,TXMRUNJDU0IS216,Insurance Co Payment,Insurance Co,Insurance,Debit,209.32,-7870.89,PKR,XXXX-XXXX-XXXX-1234
4/19/2025,TXBN7G8B2ZXI217,Amazon Payment,Amazon,Shopping,Debit,5.05,-7875.94,PKR,XXXX-XXXX-XXXX-1234
4/20/2025,TXJCNS6G298C218,Spotify Payment,Spotify,Entertainment,Debit,180.63,-8056.57,PKR,XXXX-XXXX-XXXX-1234
4/21/2025,TX1LDQNK20IN219,Rent Payment,Rent,Rent,Debit,1366.03,-9422.6,PKR,XXXX-XXXX-XXXX-1234
4/21/2025,TX10T2F7ATWY220,Insurance Co Payment,Insurance Co,Insurance,Debit,399.23,-9821.83,PKR,XXXX-XXXX-XXXX-1234
4/22/2025,TX40DTIRC9ZD221,PayPal Payment,PayPal,Payment,Credit,2.29,-9819.54,PKR,XXXX-XXXX-XXXX-1234
4/23/2025,TXO6Q0USWOVC222,Cinema Payment,Cinema,Entertainment,Debit,211.69,-10031.23,PKR,XXXX-XXXX-XXXX-1234
4/24/2025,TXL2Z0LJCH2V223,Mobile Recharge Refund,Mobile Recharge,Mobile,Credit,48.88,-9982.35,PKR,XXXX-XXXX-XXXX-1234
4/24/2025,TXLEM1QQ4D3K224,Walmart Payment,Walmart,Shopping,Debit,113.49,-10095.84,PKR,XXXX-XXXX-XXXX-1234
4/25/2025,TX4LDIMSYJ9B225,Transfer from Savings Refund,Transfer from Savings,Transfer,Credit,572.66,-9523.18,PKR,XXXX-XXXX-XXXX-1234
4/26/2025,TXTDD2EC2IHO226,Electric Co Payment,Electric Co,Utilities,Debit,139.88,-9663.06,PKR,XXXX-XXXX-XXXX-1234
4/27/2025,TXUJ3AC6PE63227,Mobile Recharge Payment,Mobile Recharge,Mobile,Debit,161.88,-9824.94,PKR,XXXX-XXXX-XXXX-1234
4/27/2025,TXB7P0RNPM6J228,Local Grocery Payment,Local Grocery,Groceries,Debit,235.69,-10060.63,PKR,XXXX-XXXX-XXXX-1234
4/28/2025,TXBWIKOTCKEH229,Rent Payment,Rent,Rent,Debit,1383.42,-11444.05,PKR,XXXX-XXXX-XXXX-1234
4/29/2025,TX9TANZR2MUL230,Bookstore Payment,Bookstore,Shopping,Debit,63.79,-11507.84,PKR,XXXX-XXXX-XXXX-1234
4/29/2025,TXH62C9T199D231,Apple Store Payment,Apple Store,Electronics,Debit,81.08,-11588.92,PKR,XXXX-XXXX-XXXX-1234
4/30/2025,TX2018U9N79G232,Mobile Recharge Payment,Mobile Recharge,Mobile,Debit,134.36,-11723.28,PKR,XXXX-XXXX-XXXX-1234
5/1/2025,TXZ6BZ8UUG95233,Spotify Payment,Spotify,Entertainment,Debit,201.94,-11925.22,PKR,XXXX-XXXX-XXXX-1234
5/2/2025,TXGBCVARLW3M234,Insurance Co Payment,Insurance Co,Insurance,Debit,239.74,-12164.96,PKR,XXXX-XXXX-XXXX-1234
5/2/2025,TXLAV71448N7235,Shell Fuel Payment,Shell Fuel,Transport,Debit,211.38,-12376.34,PKR,XXXX-XXXX-XXXX-1234
5/3/2025,TXL90PXRLZU6236,Electric Co Payment,Electric Co,Utilities,Debit,85.47,-12461.81,PKR,XXXX-XXXX-XXXX-1234
5/4/2025,TXVGLYE088O9237,Transfer Payment,Transfer,Transfer,Debit,57.36,-12519.17,PKR,XXXX-XXXX-XXXX-1234
5/5/2025,TX78HU7F0I9G238,Hotel Payment,Hotel,Travel,Debit,151.39,-12670.56,PKR,XXXX-XXXX-XXXX-1234
5/5/2025,TX0MAHYM2ZBP239,Bookstore Payment,Bookstore,Shopping,Credit,164.69,-12505.87,PKR,XXXX-XXXX-XXXX-1234
5/6/2025,TXNTDR5XYFC4240,Water Board Payment,Water Board,Utilities,Credit,177.14,-12328.73,PKR,XXXX-XXXX-XXXX-1234
5/7/2025,TXDM5FC79M96241,Google Play Payment,Google Play,Entertainment,Debit,66.76,-12395.49,PKR,XXXX-XXXX-XXXX-1234
5/8/2025,TXF6FDHGZZ0J242,Transfer from Savings Payment,Transfer from Savings,Transfer,Credit,73.24,-12322.25,PKR,XXXX-XXXX-XXXX-1234
5/8/2025,TXOTRBAD3WRD243,Google Play Payment,Google Play,Entertainment,Debit,25.79,-12348.04,PKR,XXXX-XXXX-XXXX-1234
5/9/2025,TXC4LORXDTG5244,Netflix Payment,Netflix,Entertainment,Debit,74.37,-12422.41,PKR,XXXX-XXXX-XXXX-1234
5/10/2025,TXPJ4UFZDY3O245,Salary Refund,Salary,Income,Credit,1535.85,-10886.56,PKR,XXXX-XXXX-XXXX-1234
5/10/2025,TX43PT5R5RC6246,Dividend Payment,Dividend,Income,Credit,122.05,-10764.51,PKR,XXXX-XXXX-XXXX-1234
5/11/2025,TXSU9F8Q8GHG247,Transfer from Savings Payment,Transfer from Savings,Transfer,Credit,76.05,-10688.46,PKR,XXXX-XXXX-XXXX-1234
5/12/2025,TXP9W4J66CNO248,Amazon Payment,Amazon,Shopping,Debit,247.09,-10935.55,PKR,XXXX-XXXX-XXXX-1234
5/13/2025,TX7AZV2EFUU8249,Local Grocery Payment,Local Grocery,Groceries,Debit,130.88,-11066.43,PKR,XXXX-XXXX-XXXX-1234
5/13/2025,TXDKTMONRVBJ250,Uber Payment,Uber,Transport,Debit,141.55,-11207.98,PKR,XXXX-XXXX-XXXX-1234
5/14/2025,TXOO5YBRJNM2251,Walmart Payment,Walmart,Shopping,Debit,170.84,-11378.82,PKR,XXXX-XXXX-XXXX-1234
5/15/2025,TXZD5E9P3JPX252,Google Play Payment,Google Play,Entertainment,Debit,123.92,-11502.74,PKR,XXXX-XXXX-XXXX-1234
5/16/2025,TXORSNC2CZO2253,Netflix Payment,Netflix,Entertainment,Debit,228.53,-11731.27,PKR,XXXX-XXXX-XXXX-1234
5/16/2025,TXG34IQ7ZJ3S254,Gym Membership Payment,Gym Membership,Health,Debit,9.18,-11740.45,PKR,XXXX-XXXX-XXXX-1234
5/17/2025,TXYIRQ8RTM4J255,ATM Withdrawal Payment,ATM Withdrawal,Cash,Debit,278.46,-12018.91,PKR,XXXX-XXXX-XXXX-1234
5/18/2025,TXNFU84XYJOA256,Restaurant Payment,Restaurant,Dining,Debit,72.7,-12091.61,PKR,XXXX-XXXX-XXXX-1234
5/18/2025,TXREG2IV7ZZJ257,Dividend Payment,Dividend,Income,Credit,193.76,-11897.85,PKR,XXXX-XXXX-XXXX-1234
5/19/2025,TXJQY3ODSX4N258,Bookstore Payment,Bookstore,Shopping,Debit,88.48,-11986.33,PKR,XXXX-XXXX-XXXX-1234
5/20/2025,TXKYRMJLJX8X259,ATM Withdrawal Payment,ATM Withdrawal,Cash,Debit,186.26,-12172.59,PKR,XXXX-XXXX-XXXX-1234
5/21/2025,TX622VXYZX9J260,Netflix Payment,Netflix,Entertainment,Debit,191.84,-12364.43,PKR,XXXX-XXXX-XXXX-1234
5/21/2025,TXU93MZYWR7M261,Water Board Payment,Water Board,Utilities,Debit,184.71,-12549.14,PKR,XXXX-XXXX-XXXX-1234
5/22/2025,TX5GDEJ31GYM262,Google Play Payment,Google Play,Entertainment,Debit,210.48,-12759.62,PKR,XXXX-XXXX-XXXX-1234
5/23/2025,TX5P5NVQEBWU263,Starbucks Payment,Starbucks,General,Debit,57.39,-12817.01,PKR,XXXX-XXXX-XXXX-1234
5/24/2025,TXS5NKB4EHOU264,Transfer Payment,Transfer,Transfer,Debit,222.58,-13039.59,PKR,XXXX-XXXX-XXXX-1234
5/24/2025,TXGCL9LCQH1U265,Cinema Payment,Cinema,Entertainment,Credit,30.36,-13009.23,PKR,XXXX-XXXX-XXXX-1234
5/25/2025,TXDWWO8NBHNA266,Shell Fuel Payment,Shell Fuel,Transport,Debit,191.37,-13200.6,PKR,XXXX-XXXX-XXXX-1234
5/26/2025,TXAA0I5LDSLC267,Local Grocery Payment,Local Grocery,Groceries,Debit,133.7,-13334.3,PKR,XXXX-XXXX-XXXX-1234
5/27/2025,TX0VM59M6MG8268,Amazon Payment,Amazon,Shopping,Debit,74.13,-13408.43,PKR,XXXX-XXXX-XXXX-1234
5/27/2025,TXI9HASEZ2NX269,Cinema Payment,Cinema,Entertainment,Debit,6.74,-13415.17,PKR,XXXX-XXXX-XXXX-1234
5/28/2025,TX9XXAYPNTRF270,Dividend Refund,Dividend,Income,Credit,111.6,-13303.57,PKR,XXXX-XXXX-XXXX-1234
5/29/2025,TXPDSWZP6SWK271,Transfer from Savings Refund,Transfer from Savings,Transfer,Credit,564.31,-12739.26,PKR,XXXX-XXXX-XXXX-1234
5/29/2025,TXHJSHZKBRH7272,Gift Payment,Gift,General,Debit,51.26,-12790.52,PKR,XXXX-XXXX-XXXX-1234
5/30/2025,TXDDUR82C06X273,Local Grocery Payment,Local Grocery,Groceries,Debit,5.16,-12795.68,PKR,XXXX-XXXX-XXXX-1234
5/31/2025,TXKQDGBK2L0D274,Rent Payment,Rent,Rent,Debit,1488.67,-14284.35,PKR,XXXX-XXXX-XXXX-1234
6/1/2025,TXEXL68J0NME275,Dividend Refund,Dividend,Income,Credit,179.16,-14105.19,PKR,XXXX-XXXX-XXXX-1234
6/1/2025,TX42X2EZC7FO276,Electric Co Payment,Electric Co,Utilities,Credit,55.82,-14049.37,PKR,XXXX-XXXX-XXXX-1234
6/2/2025,TXPW2W5506RR277,Hotel Payment,Hotel,Travel,Debit,143.1,-14192.47,PKR,XXXX-XXXX-XXXX-1234
6/3/2025,TXJLZY1UU9YM278,Bookstore Payment,Bookstore,Shopping,Debit,13.4,-14205.87,PKR,XXXX-XXXX-XXXX-1234
6/4/2025,TXP0RXXF36WA279,Gym Membership Payment,Gym Membership,Health,Debit,155.32,-14361.19,PKR,XXXX-XXXX-XXXX-1234
6/4/2025,TX45CRI8BIXO280,Cinema Payment,Cinema,Entertainment,Debit,212.51,-14573.7,PKR,XXXX-XXXX-XXXX-1234
6/5/2025,TXUDRL90AOBT281,Spotify Payment,Spotify,Entertainment,Debit,112.16,-14685.86,PKR,XXXX-XXXX-XXXX-1234
6/6/2025,TXWKSHY8NBIQ282,Restaurant Payment,Restaurant,Dining,Debit,151.84,-14837.7,PKR,XXXX-XXXX-XXXX-1234
6/7/2025,TXZNQDXAMW2T283,Airline Payment,Airline,Travel,Debit,150.79,-14988.49,PKR,XXXX-XXXX-XXXX-1234
6/7/2025,TXFFZZDVG7OQ284,Salary Refund,Salary,Income,Credit,2463.77,-12524.72,PKR,XXXX-XXXX-XXXX-1234
6/8/2025,TX1BWYE6QVS8285,Gift Payment,Gift,General,Debit,85.81,-12610.53,PKR,XXXX-XXXX-XXXX-1234
6/9/2025,TX74RS7GU0EN286,PayPal Payment,PayPal,Payment,Debit,14.05,-12624.58,PKR,XXXX-XXXX-XXXX-1234
6/9/2025,TX5PVYIOMK2E287,Transfer Payment,Transfer,Transfer,Debit,81.82,-12706.4,PKR,XXXX-XXXX-XXXX-1234
6/10/2025,TXKZ4Z7WHWKM288,Transfer Payment,Transfer,Transfer,Debit,187.61,-12894.01,PKR,XXXX-XXXX-XXXX-1234
6/11/2025,TX9GTWZ1UU7Z289,Mobile Recharge Payment,Mobile Recharge,Mobile,Debit,178.18,-13072.19,PKR,XXXX-XXXX-XXXX-1234
6/12/2025,TXK43SAFYH1F290,Mobile Recharge Payment,Mobile Recharge,Mobile,Debit,210.66,-13282.85,PKR,XXXX-XXXX-XXXX-1234
6/12/2025,TXC2HTMQWYUI291,Google Play Payment,Google Play,Entertainment,Debit,38.31,-13321.16,PKR,XXXX-XXXX-XXXX-1234
6/13/2025,TXI22KX7N89L292,ATM Withdrawal Payment,ATM Withdrawal,Cash,Debit,177.16,-13498.32,PKR,XXXX-XXXX-XXXX-1234
6/14/2025,TXH54PIWZNV0293,Airline Payment,Airline,Travel,Debit,186.43,-13684.75,PKR,XXXX-XXXX-XXXX-1234
6/15/2025,TXKGYGGSNPUE294,Netflix Payment,Netflix,Entertainment,Debit,241.14,-13925.89,PKR,XXXX-XXXX-XXXX-1234
6/15/2025,TXQ7B7V1W4K2295,Hotel Payment,Hotel,Travel,Debit,3.4,-13929.29,PKR,XXXX-XXXX-XXXX-1234
6/16/2025,TXLHGCSOTDHH296,Airline Payment,Airline,Travel,Debit,196.44,-14125.73,PKR,XXXX-XXXX-XXXX-1234
6/17/2025,TX8WRU1XEMIX297,Local Grocery Payment,Local Grocery,Groceries,Debit,74.81,-14200.54,PKR,XXXX-XXXX-XXXX-1234
6/17/2025,TXYL68NTK63N298,Cinema Payment,Cinema,Entertainment,Debit,239.81,-14440.35,PKR,XXXX-XXXX-XXXX-1234
6/18/2025,TXKXLCD81TWH299,Gift Payment,Gift,General,Debit,122.73,-14563.08,PKR,XXXX-XXXX-XXXX-1234
6/19/2025,TX5PDTZ91X70300,ATM Withdrawal Payment,ATM Withdrawal,Cash,Debit,236.6,-14799.68,PKR,XXXX-XXXX-XXXX-1234
6/20/2025,TXBCGJC36OQO301,Walmart Payment,Walmart,Shopping,Debit,179.78,-14979.46,PKR,XXXX-XXXX-XXXX-1234
6/20/2025,TXTXW1VZC7D2302,Local Grocery Payment,Local Grocery,Groceries,Debit,168.98,-15148.44,PKR,XXXX-XXXX-XXXX-1234
6/21/2025,TX7N3BFH024K303,Google Play Payment,Google Play,Entertainment,Debit,71.82,-15220.26,PKR,XXXX-XXXX-XXXX-1234
6/22/2025,TXY620N8TTEA304,ATM Withdrawal Payment,ATM Withdrawal,Cash,Debit,60.34,-15280.6,PKR,XXXX-XXXX-XXXX-1234
6/23/2025,TXDH00H64FGW305,Transfer Payment,Transfer,Transfer,Debit,137.79,-15418.39,PKR,XXXX-XXXX-XXXX-1234
6/23/2025,TX24479QTKCD306,Apple Store Payment,Apple Store,Electronics,Debit,46.98,-15465.37,PKR,XXXX-XXXX-XXXX-1234
6/24/2025,TXMYIKCGRLXY307,Interest Payment,Interest,Income,Credit,29.45,-15435.92,PKR,XXXX-XXXX-XXXX-1234
6/25/2025,TXLPAIH0P4E0308,Walmart Payment,Walmart,Shopping,Debit,92.39,-15528.31,PKR,XXXX-XXXX-XXXX-1234
6/26/2025,TX1RDXCK36H0309,Bookstore Payment,Bookstore,Shopping,Debit,112.45,-15640.76,PKR,XXXX-XXXX-XXXX-1234
6/26/2025,TXCASBUOV6TT310,ATM Withdrawal Payment,ATM Withdrawal,Cash,Debit,41.41,-15682.17,PKR,XXXX-XXXX-XXXX-1234
6/27/2025,TXNI10KQSOSX311,Airline Payment,Airline,Travel,Debit,194.25,-15876.42,PKR,XXXX-XXXX-XXXX-1234
6/28/2025,TX1FFUU5F07B312,Pharmacy Payment,Pharmacy,Health,Credit,196.41,-15680.01,PKR,XXXX-XXXX-XXXX-1234
6/28/2025,TXNBH6NQQB9L313,Dividend Refund,Dividend,Income,Credit,102.65,-15577.36,PKR,XXXX-XXXX-XXXX-1234
6/29/2025,TXJ0UUNNV6CJ314,Transfer from Savings Payment,Transfer from Savings,Transfer,Credit,776.33,-14801.03,PKR,XXXX-XXXX-XXXX-1234
6/30/2025,TX3M25A5PISK315,Cinema Payment,Cinema,Entertainment,Debit,102.65,-14903.68,PKR,XXXX-XXXX-XXXX-1234
7/1/2025,TXZEI3ZRRHF4316,Walmart Payment,Walmart,Shopping,Debit,91.83,-14995.51,PKR,XXXX-XXXX-XXXX-1234
7/1/2025,TXVES6FF7SO8317,PayPal Payment,PayPal,Payment,Debit,33.72,-15029.23,PKR,XXXX-XXXX-XXXX-1234
7/2/2025,TXZXKDQ95G3V318,ATM Withdrawal Payment,ATM Withdrawal,Cash,Debit,25.21,-15054.44,PKR,XXXX-XXXX-XXXX-1234
7/3/2025,TXWSGY7VCNEA319,Gift Payment,Gift,General,Debit,192.34,-15246.78,PKR,XXXX-XXXX-XXXX-1234
7/4/2025,TXPFDRWB2SER320,Gym Membership Payment,Gym Membership,Health,Debit,127.08,-15373.86,PKR,XXXX-XXXX-XXXX-1234
7/4/2025,TXA7YPP5ZP7R321,Walmart Payment,Walmart,Shopping,Debit,135.74,-15509.6,PKR,XXXX-XXXX-XXXX-1234
7/5/2025,TX01ZDERI4K5322,Dividend Payment,Dividend,Income,Credit,82.43,-15427.17,PKR,XXXX-XXXX-XXXX-1234
7/6/2025,TX0ASSNH2ODP323,Water Board Payment,Water Board,Utilities,Debit,3.36,-15430.53,PKR,XXXX-XXXX-XXXX-1234
7/6/2025,TXPNJY1O2RNT324,Hotel Payment,Hotel,Travel,Debit,214.03,-15644.56,PKR,XXXX-XXXX-XXXX-1234
7/7/2025,TXOE5EI28DS2325,Apple Store Payment,Apple Store,Electronics,Credit,116.37,-15528.19,PKR,XXXX-XXXX-XXXX-1234
7/8/2025,TXZF8ADF7PCH326,Gift Payment,Gift,General,Debit,174.87,-15703.06,PKR,XXXX-XXXX-XXXX-1234
7/9/2025,TX7OXK8C1GRA327,Starbucks Payment,Starbucks,General,Debit,181.67,-15884.73,PKR,XXXX-XXXX-XXXX-1234
7/9/2025,TXKBVSIGBIAF328,Pharmacy Payment,Pharmacy,Health,Debit,201.37,-16086.1,PKR,XXXX-XXXX-XXXX-1234
7/10/2025,TXOVS0CDK36M329,Apple Store Payment,Apple Store,Electronics,Debit,89.58,-16175.68,PKR,XXXX-XXXX-XXXX-1234
7/11/2025,TXH7UJODCK82330,Restaurant Payment,Restaurant,Dining,Debit,152.38,-16328.06,PKR,XXXX-XXXX-XXXX-1234
7/12/2025,TXUY8U118QQV331,Apple Store Payment,Apple Store,Electronics,Debit,203.66,-16531.72,PKR,XXXX-XXXX-XXXX-1234
7/12/2025,TXN2HZ2OMTZJ332,PayPal Payment,PayPal,Payment,Debit,65.94,-16597.66,PKR,XXXX-XXXX-XXXX-1234
7/13/2025,TX3C7RM6J8Y6333,Google Play Payment,Google Play,Entertainment,Debit,169.08,-16766.74,PKR,XXXX-XXXX-XXXX-1234
7/14/2025,TXIIJI44M2EC334,Insurance Co Payment,Insurance Co,Insurance,Debit,307.99,-17074.73,PKR,XXXX-XXXX-XXXX-1234
7/15/2025,TX484NL65UJG335,Mobile Recharge Payment,Mobile Recharge,Mobile,Debit,3.64,-17078.37,PKR,XXXX-XXXX-XXXX-1234
7/15/2025,TXHUB2RTSOYG336,Dividend Refund,Dividend,Income,Credit,184.04,-16894.33,PKR,XXXX-XXXX-XXXX-1234
7/16/2025,TXYAHULWJTIQ337,Uber Payment,Uber,Transport,Debit,116.1,-17010.43,PKR,XXXX-XXXX-XXXX-1234
7/17/2025,TXPP1NOQU9Y3338,Transfer Payment,Transfer,Transfer,Debit,47.61,-17058.04,PKR,XXXX-XXXX-XXXX-1234
7/17/2025,TXPNF8F3GR94339,Interest Refund,Interest,Income,Credit,14.23,-17043.81,PKR,XXXX-XXXX-XXXX-1234
7/18/2025,TXRJ4BDFHJ4D340,Gym Membership Payment,Gym Membership,Health,Debit,80.3,-17124.11,PKR,XXXX-XXXX-XXXX-1234
7/19/2025,TXU7JAE58HUX341,Interest Payment,Interest,Income,Credit,17.4,-17106.71,PKR,XXXX-XXXX-XXXX-1234
7/20/2025,TXS1QCWQ85X7342,Shell Fuel Payment,Shell Fuel,Transport,Credit,58.35,-17048.36,PKR,XXXX-XXXX-XXXX-1234
7/20/2025,TX4CFILKJXJQ343,Water Board Payment,Water Board,Utilities,Debit,143.77,-17192.13,PKR,XXXX-XXXX-XXXX-1234
7/21/2025,TXSQG4EIJ00H344,Pharmacy Payment,Pharmacy,Health,Debit,187.48,-17379.61,PKR,XXXX-XXXX-XXXX-1234
7/22/2025,TX5TAO1CJFX5345,Electric Co Payment,Electric Co,Utilities,Debit,17.82,-17397.43,PKR,XXXX-XXXX-XXXX-1234
7/23/2025,TXPESGBM65Q5346,Google Play Payment,Google Play,Entertainment,Debit,184.92,-17582.35,PKR,XXXX-XXXX-XXXX-1234
7/23/2025,TX8ZGVWWUSXL347,Cinema Payment,Cinema,Entertainment,Debit,112.32,-17694.67,PKR,XXXX-XXXX-XXXX-1234
7/24/2025,TXDLOFAS1EKT348,Salary Refund,Salary,Income,Credit,2066.97,-15627.7,PKR,XXXX-XXXX-XXXX-1234
7/25/2025,TXRAPKIANOUO349,Transfer from Savings Payment,Transfer from Savings,Transfer,Credit,741.57,-14886.13,PKR,XXXX-XXXX-XXXX-1234
7/26/2025,TX3HCWS2WYJX350,Shell Fuel Payment,Shell Fuel,Transport,Debit,162.21,-15048.34,PKR,XXXX-XXXX-XXXX-1234
7/26/2025,TX4GKWWJWGAB351,Airline Payment,Airline,Travel,Debit,104.4,-15152.74,PKR,XXXX-XXXX-XXXX-1234
7/27/2025,TXKEPADAHP2R352,Airline Payment,Airline,Travel,Debit,243.14,-15395.88,PKR,XXXX-XXXX-XXXX-1234
7/28/2025,TXL48C1CQG43353,Salary Payment,Salary,Income,Credit,2034.63,-13361.25,PKR,XXXX-XXXX-XXXX-1234
7/28/2025,TXZN9I9H0DXH354,Restaurant Payment,Restaurant,Dining,Debit,243.7,-13604.95,PKR,XXXX-XXXX-XXXX-1234
7/29/2025,TXLWB7SJWH55355,Electric Co Payment,Electric Co,Utilities,Debit,79.4,-13684.35,PKR,XXXX-XXXX-XXXX-1234
7/30/2025,TXA2VOI8UYYF356,Netflix Payment,Netflix,Entertainment,Credit,48.72,-13635.63,PKR,XXXX-XXXX-XXXX-1234
7/31/2025,TXDW79WCXZ2E357,Dividend Refund,Dividend,Income,Credit,27,-13608.63,PKR,XXXX-XXXX-XXXX-1234
7/31/2025,TXXM60AN0JBZ358,Spotify Payment,Spotify,Entertainment,Debit,140.47,-13749.1,PKR,XXXX-XXXX-XXXX-1234
8/1/2025,TXGGM0J36TCF359,Airline Payment,Airline,Travel,Debit,174.87,-13923.97,PKR,XXXX-XXXX-XXXX-1234
8/2/2025,TXQ1S05WNWLC360,Google Play Payment,Google Play,Entertainment,Debit,136.32,-14060.29,PKR,XXXX-XXXX-XXXX-1234
8/3/2025,TXY1FKOLDXB7361,Airline Payment,Airline,Travel,Debit,49.09,-14109.38,PKR,XXXX-XXXX-XXXX-1234
8/3/2025,TXRDU4XSZJNV362,Shell Fuel Payment,Shell Fuel,Transport,Debit,52.12,-14161.5,PKR,XXXX-XXXX-XXXX-1234
8/4/2025,TXX73QXM0632363,Starbucks Payment,Starbucks,General,Debit,230.42,-14391.92,PKR,XXXX-XXXX-XXXX-1234
8/5/2025,TXBCK88D0TGS364,Amazon Payment,Amazon,Shopping,Debit,67.92,-14459.84,PKR,XXXX-XXXX-XXXX-1234
8/5/2025,TXUU01UYZPD2365,Spotify Payment,Spotify,Entertainment,Debit,236.98,-14696.82,PKR,XXXX-XXXX-XXXX-1234
8/6/2025,TXF9PML9LN1P366,Airline Payment,Airline,Travel,Debit,85.7,-14782.52,PKR,XXXX-XXXX-XXXX-1234
8/7/2025,TXTNT0MQ8ABK367,Interest Refund,Interest,Income,Credit,16.85,-14765.67,PKR,XXXX-XXXX-XXXX-1234
8/8/2025,TXKKH4A3YJTU368,PayPal Payment,PayPal,Payment,Debit,248.37,-15014.04,PKR,XXXX-XXXX-XXXX-1234
8/8/2025,TXQFJ6IJKUUH369,Cinema Payment,Cinema,Entertainment,Debit,25.38,-15039.42,PKR,XXXX-XXXX-XXXX-1234
8/9/2025,TXG3YU6VK0UC370,Starbucks Payment,Starbucks,General,Debit,198.64,-15238.06,PKR,XXXX-XXXX-XXXX-1234
8/10/2025,TX5P7E1047WW371,Amazon Payment,Amazon,Shopping,Debit,84.93,-15322.99,PKR,XXXX-XXXX-XXXX-1234
8/11/2025,TXTFSHB0OQVS372,Amazon Payment,Amazon,Shopping,Debit,12.21,-15335.2,PKR,XXXX-XXXX-XXXX-1234
8/11/2025,TXFMR0TJOPZ1373,Spotify Payment,Spotify,Entertainment,Debit,197.02,-15532.22,PKR,XXXX-XXXX-XXXX-1234
8/12/2025,TXRXHW0IC1L7374,Insurance Co Payment,Insurance Co,Insurance,Debit,245.75,-15777.97,PKR,XXXX-XXXX-XXXX-1234
8/13/2025,TXNGMX1GM32W375,Starbucks Payment,Starbucks,General,Debit,104.57,-15882.54,PKR,XXXX-XXXX-XXXX-1234
8/14/2025,TX3HN14EB875376,Rent Payment,Rent,Rent,Debit,544.88,-16427.42,PKR,XXXX-XXXX-XXXX-1234
8/14/2025,TX2KQL0HT1TW377,Restaurant Payment,Restaurant,Dining,Debit,87.13,-16514.55,PKR,XXXX-XXXX-XXXX-1234
8/15/2025,TXN6SJCHZJQ8378,Walmart Payment,Walmart,Shopping,Debit,167.73,-16682.28,PKR,XXXX-XXXX-XXXX-1234
8/16/2025,TX4X5A5XIN9D379,Starbucks Payment,Starbucks,General,Debit,69.28,-16751.56,PKR,XXXX-XXXX-XXXX-1234
8/16/2025,TXDH8UZB7KR0380,Local Grocery Payment,Local Grocery,Groceries,Debit,150.08,-16901.64,PKR,XXXX-XXXX-XXXX-1234
8/17/2025,TXWI9S3W563B381,PayPal Payment,PayPal,Payment,Debit,89.27,-16990.91,PKR,XXXX-XXXX-XXXX-1234
8/18/2025,TXMOE0SY5YPU382,Airline Payment,Airline,Travel,Debit,57.94,-17048.85,PKR,XXXX-XXXX-XXXX-1234
8/19/2025,TXTHET25LZSE383,Water Board Payment,Water Board,Utilities,Credit,182.13,-16866.72,PKR,XXXX-XXXX-XXXX-1234
8/19/2025,TX7LU8EL5015384,Cinema Payment,Cinema,Entertainment,Credit,30.74,-16835.98,PKR,XXXX-XXXX-XXXX-1234
8/20/2025,TX3W0FGEA9WV385,Water Board Payment,Water Board,Utilities,Credit,62.06,-16773.92,PKR,XXXX-XXXX-XXXX-1234
8/21/2025,TXYMYRSVZN4R386,Transfer Payment,Transfer,Transfer,Debit,59.58,-16833.5,PKR,XXXX-XXXX-XXXX-1234
8/22/2025,TXO878IYHHG8387,Walmart Payment,Walmart,Shopping,Debit,58.12,-16891.62,PKR,XXXX-XXXX-XXXX-1234
8/22/2025,TXRLQIOB0NLW388,Rent Payment,Rent,Rent,Debit,1367.13,-18258.75,PKR,XXXX-XXXX-XXXX-1234
8/23/2025,TXXZBDQ55IT9389,Interest Payment,Interest,Income,Credit,29.02,-18229.73,PKR,XXXX-XXXX-XXXX-1234
8/24/2025,TXWBKOK3QPWB390,Amazon Payment,Amazon,Shopping,Debit,130,-18359.73,PKR,XXXX-XXXX-XXXX-1234
8/25/2025,TXXDSGV6TOLA391,Gym Membership Payment,Gym Membership,Health,Debit,116.97,-18476.7,PKR,XXXX-XXXX-XXXX-1234
8/25/2025,TXZHQJY62ZEE392,Rent Payment,Rent,Rent,Debit,1090.32,-19567.02,PKR,XXXX-XXXX-XXXX-1234
8/26/2025,TXDZ09WFTBGM393,Rent Payment,Rent,Rent,Debit,1134.07,-20701.09,PKR,XXXX-XXXX-XXXX-1234
8/27/2025,TX5GZPL1QWEE394,Pharmacy Payment,Pharmacy,Health,Debit,39.22,-20740.31,PKR,XXXX-XXXX-XXXX-1234
8/27/2025,TXARR3VRHXQP395,Netflix Payment,Netflix,Entertainment,Debit,191.82,-20932.13,PKR,XXXX-XXXX-XXXX-1234
8/28/2025,TXTWU3BFXB4Y396,Transfer Payment,Transfer,Transfer,Debit,62.69,-20994.82,PKR,XXXX-XXXX-XXXX-1234
8/29/2025,TXDD9FKXZUU8397,Restaurant Payment,Restaurant,Dining,Debit,84.12,-21078.94,PKR,XXXX-XXXX-XXXX-1234
8/30/2025,TXDKNNCPTKEZ398,Interest Payment,Interest,Income,Credit,29.37,-21049.57,PKR,XXXX-XXXX-XXXX-1234
8/30/2025,TXHHCU9TD0V2399,Apple Store Payment,Apple Store,Electronics,Debit,104.61,-21154.18,PKR,XXXX-XXXX-XXXX-1234
8/31/2025,TXLS9MEUSWRG400,Transfer from Savings Payment,Transfer from Savings,Transfer,Credit,265.39,-20888.79,PKR,XXXX-XXXX-XXXX-1234
9/1/2025,TXGEQ20HWOBM401,Transfer Payment,Transfer,Transfer,Debit,74.04,-20962.83,PKR,XXXX-XXXX-XXXX-1234
9/2/2025,TXHK2LSLAYM0402,Gift Payment,Gift,General,Debit,4.8,-20967.63,PKR,XXXX-XXXX-XXXX-1234
9/2/2025,TX47RRBEFQ56403,Transfer Refund,Transfer,Transfer,Credit,166.74,-20800.89,PKR,XXXX-XXXX-XXXX-1234
9/3/2025,TXO04K0LTHY2404,Rent Payment,Rent,Rent,Debit,1283.99,-22084.88,PKR,XXXX-XXXX-XXXX-1234
9/4/2025,TXF4MNTFVGE2405,Bookstore Payment,Bookstore,Shopping,Debit,18.42,-22103.3,PKR,XXXX-XXXX-XXXX-1234
9/4/2025,TXBORIQ8HKE2406,Google Play Payment,Google Play,Entertainment,Debit,80,-22183.3,PKR,XXXX-XXXX-XXXX-1234
9/5/2025,TXS26FMR5LL1407,Dividend Refund,Dividend,Income,Credit,48.4,-22134.9,PKR,XXXX-XXXX-XXXX-1234
9/6/2025,TXYE0QZSA7YV408,Uber Payment,Uber,Transport,Debit,234.63,-22369.53,PKR,XXXX-XXXX-XXXX-1234
9/7/2025,TXD10A1WHHKT409,Starbucks Payment,Starbucks,General,Debit,222.52,-22592.05,PKR,XXXX-XXXX-XXXX-1234
9/7/2025,TXFJAWSHMLFZ410,Dividend Refund,Dividend,Income,Credit,93.81,-22498.24,PKR,XXXX-XXXX-XXXX-1234
9/8/2025,TXL6TBB6BNDO411,Google Play Payment,Google Play,Entertainment,Debit,44.48,-22542.72,PKR,XXXX-XXXX-XXXX-1234
9/9/2025,TX4ZWL3ZYT91412,Transfer from Savings Payment,Transfer from Savings,Transfer,Credit,497.09,-22045.63,PKR,XXXX-XXXX-XXXX-1234
9/10/2025,TXD2ZDLX1Q8F413,Rent Payment,Rent,Rent,Debit,1067.79,-23113.42,PKR,XXXX-XXXX-XXXX-1234
9/10/2025,TXOZX25QBRMQ414,Bookstore Payment,Bookstore,Shopping,Debit,228.39,-23341.81,PKR,XXXX-XXXX-XXXX-1234
9/11/2025,TXUSOZDUCKQV415,Shell Fuel Payment,Shell Fuel,Transport,Debit,88.46,-23430.27,PKR,XXXX-XXXX-XXXX-1234
9/12/2025,TX9NM3V2P2TI416,Spotify Payment,Spotify,Entertainment,Debit,137.89,-23568.16,PKR,XXXX-XXXX-XXXX-1234
9/13/2025,TXZ4EVLDQLOV417,Mobile Recharge Payment,Mobile Recharge,Mobile,Debit,185.36,-23753.52,PKR,XXXX-XXXX-XXXX-1234
9/13/2025,TXNRXD356WAF418,Mobile Recharge Payment,Mobile Recharge,Mobile,Debit,193.29,-23946.81,PKR,XXXX-XXXX-XXXX-1234
9/14/2025,TXWQH5K2Y77Z419,Walmart Payment,Walmart,Shopping,Debit,74.29,-24021.1,PKR,XXXX-XXXX-XXXX-1234
9/15/2025,TXA9OEKNTBZ3420,Cinema Payment,Cinema,Entertainment,Debit,24.14,-24045.24,PKR,XXXX-XXXX-XXXX-1234
9/15/2025,TXBPVWZOPHGF421,Salary Refund,Salary,Income,Credit,1397.46,-22647.78,PKR,XXXX-XXXX-XXXX-1234
9/16/2025,TX4F9YECAZRP422,Airline Payment,Airline,Travel,Debit,231.27,-22879.05,PKR,XXXX-XXXX-XXXX-1234
9/17/2025,TXOQ2VPGSTQM423,Walmart Payment,Walmart,Shopping,Debit,161.28,-23040.33,PKR,XXXX-XXXX-XXXX-1234
9/18/2025,TXR0ZJ7UBBRN424,Shell Fuel Payment,Shell Fuel,Transport,Debit,3.84,-23044.17,PKR,XXXX-XXXX-XXXX-1234
9/18/2025,TXF0992QC6DR425,Hotel Payment,Hotel,Travel,Debit,173.24,-23217.41,PKR,XXXX-XXXX-XXXX-1234
9/19/2025,TXYTUW6TAQ6U426,Interest Payment,Interest,Income,Credit,33.52,-23183.89,PKR,XXXX-XXXX-XXXX-1234
9/20/2025,TX2KB700UCRG427,Local Grocery Payment,Local Grocery,Groceries,Debit,240.22,-23424.11,PKR,XXXX-XXXX-XXXX-1234
9/21/2025,TX0AREC2JWJJ428,Amazon Payment,Amazon,Shopping,Debit,74.35,-23498.46,PKR,XXXX-XXXX-XXXX-1234
9/21/2025,TXVFQ3JZR25M429,Interest Refund,Interest,Income,Credit,6.47,-23491.99,PKR,XXXX-XXXX-XXXX-1234
9/22/2025,TX41ONX0GU4B430,Starbucks Payment,Starbucks,General,Credit,119.92,-23372.07,PKR,XXXX-XXXX-XXXX-1234
9/23/2025,TXGOK01TNZRF431,Apple Store Payment,Apple Store,Electronics,Debit,30.77,-23402.84,PKR,XXXX-XXXX-XXXX-1234
9/23/2025,TX2NLT8DTM4V432,Pharmacy Payment,Pharmacy,Health,Debit,73.62,-23476.46,PKR,XXXX-XXXX-XXXX-1234
9/24/2025,TXMJDXO100VH433,ATM Withdrawal Payment,ATM Withdrawal,Cash,Debit,260.34,-23736.8,PKR,XXXX-XXXX-XXXX-1234
9/25/2025,TXLAACOSYM0J434,Local Grocery Payment,Local Grocery,Groceries,Debit,248.32,-23985.12,PKR,XXXX-XXXX-XXXX-1234
9/26/2025,TX7X48WZE4EX435,Amazon Payment,Amazon,Shopping,Debit,24.8,-24009.92,PKR,XXXX-XXXX-XXXX-1234
9/26/2025,TXGDGKXCQ91Y436,Bookstore Payment,Bookstore,Shopping,Debit,201.19,-24211.11,PKR,XXXX-XXXX-XXXX-1234
9/27/2025,TXFC1NLC8JPR437,Mobile Recharge Payment,Mobile Recharge,Mobile,Debit,82.2,-24293.31,PKR,XXXX-XXXX-XXXX-1234
9/28/2025,TXXDTPWDPJBC438,Cinema Payment,Cinema,Entertainment,Debit,99.37,-24392.68,PKR,XXXX-XXXX-XXXX-1234
9/29/2025,TX6FX7XJZ6US439,Interest Payment,Interest,Income,Credit,13.28,-24379.4,PKR,XXXX-XXXX-XXXX-1234
9/29/2025,TX422TA83RU7440,Dividend Payment,Dividend,Income,Credit,103.23,-24276.17,PKR,XXXX-XXXX-XXXX-1234
9/30/2025,TXB9XN4M41KH441,Salary Payment,Salary,Income,Credit,1800.19,-22475.98,PKR,XXXX-XXXX-XXXX-1234
10/1/2025,TXGZ6WMDW0FG442,Airline Payment,Airline,Travel,Debit,97.27,-22573.25,PKR,XXXX-XXXX-XXXX-1234
10/2/2025,TXN2XR838AMM443,Interest Refund,Interest,Income,Credit,49.82,-22523.43,PKR,XXXX-XXXX-XXXX-1234
10/2/2025,TX3YQY5FU7BF444,Interest Refund,Interest,Income,Credit,3.1,-22520.33,PKR,XXXX-XXXX-XXXX-1234
10/3/2025,TX6WIXAW63DW445,ATM Withdrawal Payment,ATM Withdrawal,Cash,Debit,25.34,-22545.67,PKR,XXXX-XXXX-XXXX-1234
10/4/2025,TXDR2H2P39YL446,Restaurant Payment,Restaurant,Dining,Debit,204.81,-22750.48,PKR,XXXX-XXXX-XXXX-1234
10/4/2025,TX421VMEFOZT447,Mobile Recharge Payment,Mobile Recharge,Mobile,Debit,36.06,-22786.54,PKR,XXXX-XXXX-XXXX-1234
10/5/2025,TXUE2WNF5CA7448,Rent Payment,Rent,Rent,Debit,743.64,-23530.18,PKR,XXXX-XXXX-XXXX-1234
10/6/2025,TXO31YHXSO7V449,Transfer from Savings Payment,Transfer from Savings,Transfer,Credit,538.82,-22991.36,PKR,XXXX-XXXX-XXXX-1234
10/7/2025,TXWD3KPUG99W450,Amazon Payment,Amazon,Shopping,Debit,179.87,-23171.23,PKR,XXXX-XXXX-XXXX-1234
10/7/2025,TXH1XJG2Y8RG451,Pharmacy Payment,Pharmacy,Health,Debit,135.85,-23307.08,PKR,XXXX-XXXX-XXXX-1234
10/8/2025,TXNHJW6QDBTF452,Mobile Recharge Payment,Mobile Recharge,Mobile,Debit,15.4,-23322.48,PKR,XXXX-XXXX-XXXX-1234
10/9/2025,TX6ZVLHYL2LD453,PayPal Payment,PayPal,Payment,Debit,30.78,-23353.26,PKR,XXXX-XXXX-XXXX-1234
10/10/2025,TX6CVBPHVGNQ454,Interest Refund,Interest,Income,Credit,21.22,-23332.04,PKR,XXXX-XXXX-XXXX-1234
10/10/2025,TXHEYCE4QGM5455,Netflix Payment,Netflix,Entertainment,Debit,243.94,-23575.98,PKR,XXXX-XXXX-XXXX-1234
10/11/2025,TX86UTIOS5HR456,Transfer Payment,Transfer,Transfer,Debit,199.05,-23775.03,PKR,XXXX-XXXX-XXXX-1234
10/12/2025,TX00ILU6VFUA457,Rent Payment,Rent,Rent,Debit,779.17,-24554.2,PKR,XXXX-XXXX-XXXX-1234
10/13/2025,TX1BTR23QIUA458,Amazon Payment,Amazon,Shopping,Debit,118.72,-24672.92,PKR,XXXX-XXXX-XXXX-1234
10/13/2025,TXMI9AYFQUV9459,Interest Refund,Interest,Income,Credit,20.92,-24652,PKR,XXXX-XXXX-XXXX-1234
10/14/2025,TX5O2NQW4C6L460,Rent Payment,Rent,Rent,Debit,1271.84,-25923.84,PKR,XXXX-XXXX-XXXX-1234
10/15/2025,TXZWUHYWM7S6461,Amazon Payment,Amazon,Shopping,Debit,188.72,-26112.56,PKR,XXXX-XXXX-XXXX-1234
10/15/2025,TXNWNGUCZH9I462,Salary Refund,Salary,Income,Credit,2798.36,-23314.2,PKR,XXXX-XXXX-XXXX-1234
10/16/2025,TX15Z11L6SPB463,Uber Payment,Uber,Transport,Debit,184.87,-23499.07,PKR,XXXX-XXXX-XXXX-1234
10/17/2025,TXSEZYTKW283464,Salary Payment,Salary,Income,Credit,1821.41,-21677.66,PKR,XXXX-XXXX-XXXX-1234
10/18/2025,TXQC6K8DJZR5465,Bookstore Payment,Bookstore,Shopping,Debit,223.19,-21900.85,PKR,XXXX-XXXX-XXXX-1234
10/18/2025,TXY7RP0AGA24466,Gym Membership Payment,Gym Membership,Health,Credit,6.49,-21894.36,PKR,XXXX-XXXX-XXXX-1234
10/19/2025,TXMXLVZ4QKE2467,Gym Membership Payment,Gym Membership,Health,Debit,104.1,-21998.46,PKR,XXXX-XXXX-XXXX-1234
10/20/2025,TXNK4FK8WFTG468,Shell Fuel Payment,Shell Fuel,Transport,Debit,58.24,-22056.7,PKR,XXXX-XXXX-XXXX-1234
10/21/2025,TXXFIBLEJGUB469,Shell Fuel Payment,Shell Fuel,Transport,Debit,173.83,-22230.53,PKR,XXXX-XXXX-XXXX-1234
10/21/2025,TX9TEA7187F8470,Local Grocery Payment,Local Grocery,Groceries,Credit,31.29,-22199.24,PKR,XXXX-XXXX-XXXX-1234
10/22/2025,TXRK79UFU6PY471,Airline Payment,Airline,Travel,Credit,67.59,-22131.65,PKR,XXXX-XXXX-XXXX-1234
10/23/2025,TXYEAWHMLVHS472,Interest Refund,Interest,Income,Credit,24.47,-22107.18,PKR,XXXX-XXXX-XXXX-1234
10/23/2025,TXATQYDSHLV7473,Gift Payment,Gift,General,Debit,70.93,-22178.11,PKR,XXXX-XXXX-XXXX-1234
10/24/2025,TXZPNAMLQUH5474,Cinema Payment,Cinema,Entertainment,Debit,100.59,-22278.7,PKR,XXXX-XXXX-XXXX-1234
10/25/2025,TXK38P6FVDHR475,Interest Payment,Interest,Income,Credit,49.64,-22229.06,PKR,XXXX-XXXX-XXXX-1234
10/26/2025,TX7VNAWJGQU6476,Pharmacy Payment,Pharmacy,Health,Debit,85.18,-22314.24,PKR,XXXX-XXXX-XXXX-1234
10/26/2025,TXTB34KUQAAJ477,Netflix Payment,Netflix,Entertainment,Debit,96.68,-22410.92,PKR,XXXX-XXXX-XXXX-1234
10/27/2025,TXRX6PRYIEJ9478,ATM Withdrawal Payment,ATM Withdrawal,Cash,Debit,253.59,-22664.51,PKR,XXXX-XXXX-XXXX-1234
10/28/2025,TXRPJY93N0AJ479,Starbucks Payment,Starbucks,General,Debit,91.72,-22756.23,PKR,XXXX-XXXX-XXXX-1234
10/29/2025,TX5EFJP6MKT7480,Hotel Payment,Hotel,Travel,Debit,81.28,-22837.51,PKR,XXXX-XXXX-XXXX-1234
10/29/2025,TX1VGLL42JZN481,Gym Membership Payment,Gym Membership,Health,Debit,157.75,-22995.26,PKR,XXXX-XXXX-XXXX-1234
10/30/2025,TXASNRM6DFHG482,Airline Payment,Airline,Travel,Debit,206.18,-23201.44,PKR,XXXX-XXXX-XXXX-1234
10/31/2025,TX84ZZ2P6EEA483,Bookstore Payment,Bookstore,Shopping,Debit,173.03,-23374.47,PKR,XXXX-XXXX-XXXX-1234
11/1/2025,TX36V1MZB3I4484,Salary Payment,Salary,Income,Credit,1760.83,-21613.64,PKR,XXXX-XXXX-XXXX-1234
11/1/2025,TXH9P1EARPHB485,Walmart Payment,Walmart,Shopping,Debit,78.24,-21691.88,PKR,XXXX-XXXX-XXXX-1234
11/2/2025,TXEJCY127H6G486,Mobile Recharge Payment,Mobile Recharge,Mobile,Debit,16.7,-21708.58,PKR,XXXX-XXXX-XXXX-1234
11/3/2025,TX0JUM42WSC3487,Salary Refund,Salary,Income,Credit,1252.67,-20455.91,PKR,XXXX-XXXX-XXXX-1234
11/3/2025,TXGK6T9DHSZN488,Dividend Refund,Dividend,Income,Credit,12.66,-20443.25,PKR,XXXX-XXXX-XXXX-1234
11/4/2025,TXD49PSO1LQS489,Hotel Payment,Hotel,Travel,Debit,169.03,-20612.28,PKR,XXXX-XXXX-XXXX-1234
11/5/2025,TXZUBLEKVL9P490,Insurance Co Payment,Insurance Co,Insurance,Debit,316.8,-20929.08,PKR,XXXX-XXXX-XXXX-1234
11/6/2025,TXP4627NAYYO491,Airline Payment,Airline,Travel,Debit,246.27,-21175.35,PKR,XXXX-XXXX-XXXX-1234
11/6/2025,TXFOVD79C9MV492,Gym Membership Payment,Gym Membership,Health,Debit,23.08,-21198.43,PKR,XXXX-XXXX-XXXX-1234
11/7/2025,TX0KZUJ2XORV493,Electric Co Payment,Electric Co,Utilities,Debit,209.85,-21408.28,PKR,XXXX-XXXX-XXXX-1234
11/8/2025,TXQERI7B03RA494,Electric Co Refund,Electric Co,Utilities,Credit,103.26,-21305.02,PKR,XXXX-XXXX-XXXX-1234
11/9/2025,TXFWDC112HXR495,Shell Fuel Payment,Shell Fuel,Transport,Debit,170.44,-21475.46,PKR,XXXX-XXXX-XXXX-1234
11/9/2025,TXTA195EQ4PB496,Apple Store Payment,Apple Store,Electronics,Debit,202.75,-21678.21,PKR,XXXX-XXXX-XXXX-1234
11/10/2025,TXKZREZRDYXY497,Shell Fuel Payment,Shell Fuel,Transport,Debit,215.37,-21893.58,PKR,XXXX-XXXX-XXXX-1234
11/11/2025,TXFCJVNY1KCV498,Hotel Payment,Hotel,Travel,Debit,141.44,-22035.02,PKR,XXXX-XXXX-XXXX-1234
11/12/2025,TX0A6MDMMMXI499,Walmart Payment,Walmart,Shopping,Debit,88.52,-22123.54,PKR,XXXX-XXXX-XXXX-1234
